@article{math_appendix,
    title     = { Математическое дополнение },
    author    = { Василевский, А.В. },
    year      = { 2017 }
}
