@article{spherical_modes,
    title     = { Сферические моды },
    author    = { Василевский, А.В. },
    year      = { 2018 }
}
